<record><leader>00000cas a22000007a 4500</leader><controlfield tag="001">11018322</controlfield><controlfield tag="008">840803d18541856pauwr ne      0   a0eng d</controlfield><datafield ind1=" " ind2=" " tag="010"><subfield code="a">sn 84024555 </subfield></datafield><datafield ind1=" " ind2=" " tag="040"><subfield code="a">NPV</subfield><subfield code="b">eng</subfield><subfield code="c">NPV</subfield><subfield code="d">NPH</subfield><subfield code="d">OCLCQ</subfield></datafield><datafield ind1=" " ind2=" " tag="042"><subfield code="a">msc</subfield></datafield><datafield ind1="0" ind2=" " tag="130"><subfield code="a">Athens gazette (Athens, Pa. : 1854)</subfield></datafield><datafield ind1="1" ind2="0" tag="245"><subfield code="a">Athens gazette.</subfield></datafield><datafield ind1=" " ind2=" " tag="260"><subfield code="a">Athens, Bradford County, Pa. :</subfield><subfield code="b">M.M. Pomeroy,</subfield><subfield code="c">1854-</subfield></datafield><datafield ind1=" " ind2=" " tag="300"><subfield code="a">v. ;</subfield><subfield code="c">55 cm.</subfield></datafield><datafield ind1=" " ind2=" " tag="310"><subfield code="a">Weekly</subfield></datafield><datafield ind1="0" ind2=" " tag="362"><subfield code="a">Vol. 1, no. 1 (Oct. 6, 1854)-</subfield></datafield><datafield ind1="1" ind2=" " tag="362"><subfield code="a">Ceased in 1856.</subfield><subfield code="z">Cf. Salisbury, R. Pennsylvania newspapers.</subfield></datafield><datafield ind1=" " ind2=" " tag="752"><subfield code="a">United States</subfield><subfield code="b">Pennsylvania</subfield><subfield code="c">Bradford</subfield><subfield code="d">Athens.</subfield></datafield><datafield ind1="0" ind2="0" tag="780"><subfield code="t">Athenian (Athens, Pa. : 1852)</subfield><subfield code="w">(DLC)sn 86081281</subfield></datafield></record>